@inproceedings{art1,
	author = {Hatim A, Sadiki T, Hassani MM},
	editor = { 25th international conference on microelectronics (ICM) Beirut, Lebanon, December 2013},
	title = {Efficient hardware architecture for direct 2D DCT computation and
		its FPGA Implementation},
	year = {2013},
}
@article{art2,
	author = {Yung-Pin Lee, Thou-Ho Chen, Liang-Gee Chen, Mei-Juan Chen and Chung-Wei
	Ku},
	title = {A cost-effective architecture for 8 x 8 2-D DCT/IDCT using direct method},
	journal = {IEEE Transactions on Circuits and Systems for Video Technology},
	year = {1997},
}
@article{art3,
	author = {Yukihiro ARAI  Takeshi AGUI  Masayuki NAKAJIMA},
	title = {A Fast DCT-SQ Scheme for Images},
	journaltitle = {IEICE TRANSACTIONSe},
	volume = {E71},
	number = {11},
	year = {1997},
	pages = {1095-1097},
}
@article{art4,
	author = {Yi-Shin Tung, Chia-Chiang Ho and Ja-Lung Wu},
	title = {MMX-based DCT and MC Algorithms for real-time pure software MPEG decoding},
	journal = {IEEE Computer Society Circuits and Systems, Signal Processing},
	year = {1999},
}
@article{art5,
	author = {Jridi, M., AlFalou, A., and Meher, P. K.},
	title = {Optimized architecture using a
	novel sub expression elimination on loeffler algorithm for DCT-based image
	compression},
	journal = {VLSI Design},
	year = {2012},
}
@article{art6,
	author = {Wu Z, Sha J, Wang Z, Li L, Gao M},
	title = {An improved scaled DCT architecture},
	journal = {IEEE Trans Consum Electron},
	year = {2009},
}
@article{art7,
author = {Xiuhua J, Caiming Z, Xuefen Z},
title = {An efficient joint implementation of three
stages for fast computation of color space conversation in image
coding/decoding},
journal = {Multimed Tool},
year = {2011},
}
@inproceedings{art8,
	author = {D.V.R. Murthy, S. Ramachandran and S. Srinivasan},
	editor = { International Conference on VLSI Design,
	Goa},
	title = {Parallel implementation of 2Ddiscrete cosine transform using EPLDs},
	year = {1999},
}
@article{art9,
	author = {S. Ramachandran, S. Srinivasan and R. Chen},
	title = {EPLD-based Architecture of Real
	Time 2D-Discrete Cosine Transform and Quantization for Image Compression},
	journal = {IEEE International Symposium on Circuits and Systems},
	year = {1999},
}
@book{book1,
	author = {S. Ramachandran},
	title = {Digital VLSI Systems Design},
	date = {2007},
	
}
