@inproceedings{art3,
	author = {Juyul Lee and Nihar Jindal},
	editor = {Fortieth Asilomar Conference on Signals, Systems and Computers},
	title = {Dirty Paper Coding vs. Linear Precoding for MIMO Broadcast Channels},
	year = {2006},	
}
@Misc{art2,
	author = {Eakkamol Pakdeejit},
	title = {Linear Precoding Performance of Massive
	MU-MIMO Downlink System},
	howpublished = {A thesis of Linkopeng University},
	month = {May},
	year = {2013},
}
@article{art5,
	author = {T. Eng, N. Kong, and L. B. Milstein},
	title = {Comparison of diversity
	combining techniques for Rayleigh-fading channels},
	journal = {IEEE TRANSACTIONS ON COMMUNICATIONS},
	volume = {44},
	number = {9},
	month = {September},
	year = {1996},	
}
@Article{art1,
	author = {Titus K. Y. Lo},
	title = {Maximum Ratio Transmission},
	journal = {IEEE TRANSACTIONS ON COMMUNICATIONS},
	year = {1999},
	volume = {47},
	number = {10},
	month = {October},
}



